@MISC{PAPER:1,
	title={Fetch \& Freight : Standard Platforms for Service Robot Applications},
	author={Melonee Wise and Michael Ferguson and Daniel King and Eric Diehr and David Dymesich},
	year={2016}
}

@BOOK{BOOK:1,
	author = {Joseph, Lentin and Cacace, Jonathan},
	title = {Mastering ROS for Robotics Programming - Second Edition: Design, Build, and Simulate Complex Robots Using the Robot Operating System},
	year = {2018},
	isbn = {1788478959},
	publisher = {Packt Publishing},
	edition = {2nd}
}

@BOOK{BOOK:2,
	author = {Mahtani, Anil and Sanchez, Luis and Fernandez, Enrique and Martinez, Aaron},
	title = {Effective Robotics Programming with ROS - Third Edition},
	year = {2016},
	isbn = {1786463652},
	publisher = {Packt Publishing},
	edition = {3rd}
}